@article{cecilia2023a,
  author    = {Cecilia, Rafie and Theano Moussouri and John Fraser},
  title     = {Creating Accessible Digital Images for Vision Impaired Audiences and Researchers},
  journal   = {Curator},
  year      = {2023},
  volume    = {66},
  number    = {1},
  pages     = {5--8},
  doi       = {10.1111/cura.12536}
}

@article{cecilia2023b,
  author    = {Cecilia, Rafie and Theano Moussouri and John Fraser},
  title     = {AltText: An Institutional Tool for Change},
  journal   = {Curator},
  year      = {2023},
  volume    = {66},
  number    = {2},
  pages     = {225--231},
  doi       = {10.1111/cura.12551}
}

@online{conrad2021,
  author    = {Conrad, Lettie Y.},
  title     = {Authors over Automation: 3 Steps for Better Alt-Text and Image Descriptions in Academic Writing},
  year      = {2021},
  url       = {https://blogs.lse.ac.uk/impactofsocialsciences/2021/10/25/authors-over-automation-3-steps-for-better-alt-text-and-image-descriptions-in-academic-writing/},
  note      = {LSE Impact Blog, 25 Oct 2021}
}

@incollection{fickers2022,
  author    = {Fickers, Andreas},
  title     = {Digital Hermeneutics: The Reflexive Turn in Digital Public History?},
  booktitle = {Handbook of Digital Public History},
  editor    = {Noiret, Serge and Val√©rie Schafer and Gerben Zaagsma},
  publisher = {De Gruyter},
  year      = {2022},
  pages     = {139--148},
  doi       = {10.1515/9783110430295-012}
}

@inproceedings{hanley2021,
  author    = {Hanley, Margot and Solon Barocas and Karen Levy and Shiri Azenkot and Helen Nissenbaum},
  title     = {Computer Vision and Conflicting Values: Describing People with Automated Alt Text},
  booktitle = {Proceedings of the ACM Conference on AI, Ethics, and Society (AIES)},
  year      = {2021},
  eprint    = {2105.12754},
  archivePrefix = {arXiv}
}

@online{holmes2020,
  author    = {Holmes, Katie},
  title     = {Disability Language Style Guide},
  year      = {2020},
  url       = {https://ncdj.org/style-guide/},
  note      = {National Center on Disability and Journalism (NCDJ), revised 2020}
}

@article{shen2024,
  author    = {Shen, Yixian and others},
  title     = {AltGen: AI-Driven Alt Text Generation for Enhancing EPUB Accessibility},
  journal   = {arXiv preprint},
  year      = {2024},
  eprint    = {2501.00113},
  archivePrefix = {arXiv}
}

@book{shew2023,
  author    = {Shew, Ashley},
  title     = {Against Technoableism: Rethinking Who Needs Improvement},
  year      = {2023},
  publisher = {W. W. Norton},
  location  = {New York}
}

@online{a11ychecklist,
  author    = {The A11Y Project},
  title     = {Checklist},
  year      = {n.d.},
  url       = {https://www.a11yproject.com/checklist/},
  note      = {Accessed 18 July 2025}
}

@online{wcag2023,
  author    = {{World Wide Web Consortium}},
  title     = {Web Content Accessibility Guidelines (WCAG) 2.2},
  year      = {2023},
  url       = {https://www.w3.org/TR/WCAG22/},
  note      = {W3C Recommendation, 5 October 2023}
}
